<record><leader>00000cas a22000007a 4500</leader><controlfield tag="001">26867038</controlfield><controlfield tag="008">921027d19121914nmuwr ne      0   a0eng d</controlfield><datafield ind1=" " ind2=" " tag="010"><subfield code="a">sn 92070564 </subfield></datafield><datafield ind1=" " ind2=" " tag="040"><subfield code="a">NVM</subfield><subfield code="b">eng</subfield><subfield code="c">NVM</subfield><subfield code="d">OCLCQ</subfield><subfield code="d">DLC</subfield><subfield code="d">OCLCF</subfield></datafield><datafield ind1="0" ind2=" " tag="022"><subfield code="a">2375-5857</subfield><subfield code="2">1</subfield></datafield><datafield ind1="1" ind2=" " tag="029"><subfield code="a">AU@</subfield><subfield code="b">000020726449</subfield></datafield><datafield ind1=" " ind2=" " tag="042"><subfield code="a">msc</subfield><subfield code="a">nsdp</subfield></datafield><datafield ind1=" " ind2=" " tag="043"><subfield code="a">n-us-nm</subfield></datafield><datafield ind1="0" ind2="0" tag="050"><subfield code="a">Newspaper</subfield></datafield><datafield ind1="0" ind2="0" tag="082"><subfield code="a">071</subfield><subfield code="2">23</subfield></datafield><datafield ind1=" " ind2="0" tag="222"><subfield code="a">Alamogordo news-advertiser</subfield><subfield code="b">(Print)</subfield></datafield><datafield ind1="0" ind2="0" tag="245"><subfield code="a">Alamogordo news-advertiser.</subfield></datafield><datafield ind1="1" ind2="7" tag="246"><subfield code="a">News-advertiser</subfield><subfield code="f">Dec. 28, 1912-1914</subfield></datafield><datafield ind1=" " ind2=" " tag="260"><subfield code="a">Alamogordo, Otero County, N.M. :</subfield><subfield code="b">Chas. P. Downs</subfield></datafield><datafield ind1=" " ind2=" " tag="300"><subfield code="a">v.</subfield></datafield><datafield ind1=" " ind2=" " tag="310"><subfield code="a">Weekly</subfield></datafield><datafield ind1="0" ind2=" " tag="362"><subfield code="a">Vol. 16, no. 46 (Dec. 7, 1912)-v. 7, no. 51 (Jan. 2, 1914).</subfield></datafield><datafield ind1=" " ind2=" " tag="530"><subfield code="a">Archived issues are available in digital format from the Library of Congress Chronicling America online collection.</subfield></datafield><datafield ind1=" " ind2="0" tag="651"><subfield code="a">Alamogordo (N.M.)</subfield><subfield code="v">Newspapers.</subfield></datafield><datafield ind1=" " ind2="0" tag="651"><subfield code="a">Otero County (N.M.)</subfield><subfield code="v">Newspapers.</subfield></datafield><datafield ind1=" " ind2="7" tag="655"><subfield code="a">Newspapers.</subfield><subfield code="2">fast</subfield><subfield code="0">(OCoLC)fst01423814</subfield></datafield><datafield ind1=" " ind2="7" tag="651"><subfield code="a">New Mexico</subfield><subfield code="z">Alamogordo.</subfield><subfield code="2">fast</subfield><subfield code="0">(OCoLC)fst01220474</subfield></datafield><datafield ind1=" " ind2="7" tag="651"><subfield code="a">New Mexico</subfield><subfield code="z">Otero County.</subfield><subfield code="2">fast</subfield><subfield code="0">(OCoLC)fst01214859</subfield></datafield><datafield ind1=" " ind2=" " tag="752"><subfield code="a">United States</subfield><subfield code="b">New Mexico</subfield><subfield code="c">Otero</subfield><subfield code="d">Alamogordo.</subfield></datafield><datafield ind1="0" ind2="8" tag="776"><subfield code="i">Online version:</subfield><subfield code="t">Alamogordo news-advertiser</subfield><subfield code="x">2375-5865</subfield><subfield code="w">(DLC)  2014218647</subfield><subfield code="w">(OCoLC)893551763</subfield></datafield><datafield ind1="0" ind2="4" tag="780"><subfield code="t">Alamogordo news</subfield><subfield code="x">2375-5881</subfield><subfield code="w">(DLC)sn 92070566</subfield><subfield code="w">(OCoLC)26867032</subfield></datafield><datafield ind1="0" ind2="4" tag="780"><subfield code="t">Otero County advertiser</subfield><subfield code="w">(DLC)sn 92070565</subfield><subfield code="w">(OCoLC)26867016</subfield></datafield><datafield ind1="0" ind2="0" tag="785"><subfield code="t">Otero County News</subfield><subfield code="w">(DLC)sn 92070563</subfield><subfield code="w">(OCoLC)26867047</subfield></datafield><datafield ind1="4" ind2="1" tag="856"><subfield code="u">http://www.loc.gov/chroniclingamerica/lccn/sn92070564/issues</subfield></datafield></record>